@inproceedings{heilman2010good,
  title={Good question! statistical ranking for question generation},
  author={Heilman, Michael and Smith, Noah A},
  booktitle={Human Language Technologies: The 2010 Annual Conference of the North American Chapter of the Association for Computational Linguistics},
  pages={609--617},
  year={2010}
}